@article{analiseBubbleSort:2021,
            title={Analysis of Merge Sort and Bubble Sort in Python, PHP, JavaScript, and C language},
            author={},
            journal={},
            year={2021},
            volume={10},
            number={2},
            pages={680-686},
            doi={10.30534/ijatcse/2021/311022021},
            keywords={}
        }

@article{al2013review,
  title={Review on sorting algorithms a comparative study},
  author={Al-Kharabsheh, Khalid Suleiman and AlTurani, Ibrahim Mahmoud and AlTurani, Abdallah Mahmoud Ibrahim and Zanoon, Nabeel Imhammed},
  journal={International Journal of Computer Science and Security (IJCSS)},
  volume={7},
  number={3},
  pages={120--126},
  year={2013}
}

@article{chand2011upgraded,
  title={Upgraded selection sort},
  author={Chand, Sunita and Chaudhary, Teshu and Parveen, Rubina},
  journal={International Journal on Computer Science and Engineering},
  volume={3},
  number={4},
  pages={1633--1637},
  year={2011},
  publisher={Citeseer}
}

@misc{treinawebConheaPrincipais,
	author = {},
	title = {{C}onheça os principais algoritmos de ordenação --- treinaweb.com.br},
	howpublished = {\url{https://www.treinaweb.com.br/blog/conheca-os-principais-algoritmos-de-ordenacao}},
	year = {},
	note = {[Acesso em 09-06-2024]},
}